03300000         1241582330001859999999             0123450000000123456 Trustcode                     Banco Santander                         10406201816523703333306000000                                                                     
03300001C2000030 1241582330001859999999             0123450000000123456 Trustcode                     primeiramensagem                                                      00000                                   00000000                    
0330000300001J10200000000000000000999999999999999999999999999Trustcode                     10062018000000000005010000000000001010000000000000125070620180000000000040000000000000000009999                8888                00                
03300005         000003000000000000000000000000000000000000000000                                                                                                                                                                               
03399999         000001000005                                                                                                                                                                                                                   
